@article{H63,
	Author = {Hoeffding, Wassily},
	Fjournal = {Journal of the American Statistical Association},
	Issn = {0162-1459},
	Journal = {J. Amer. Statist. Assoc.},
	Mrclass = {60.20},
	Mrnumber = {0144363},
	Mrreviewer = {E. H. Lehman, Jr.},
	Pages = {13--30},
	Title = {Probability inequalities for sums of bounded random variables},
	Volume = {58},
	Year = {1963}}
	
@book{vapnik,
	Author = {Vapnik, Vladimir Naumovich},
	Publisher = {Springer-Verlag New York},
	Title = {Estimation of dependences based on empirical data},
	Volume = {41}}

@book{anthony,
  title={Neural network learning: Theoretical foundations},
  author={Anthony, Martin and Bartlett, Peter L},
  year={2009},
  publisher={cambridge university press}
}

@article{dudley79,
  title={Balls in Rk do not cut all subsets of k+ 2 points},
  author={Dudley, Richard M},
  journal={Advances in Mathematics},
  volume={31},
  number={3},
  pages={306--308},
  year={1979},
  publisher={Elsevier}
}

@inproceedings{ChaudhuriDasgupta2010,
  title={Rates of convergence for the cluster tree},
  author={Chaudhuri, Kamalika and Dasgupta, Sanjoy},
  booktitle={Advances in Neural Information Processing Systems},
  pages={343--351},
  year={2010}
}

@incollection{ChaudhuriDasgupta2014,
  title={Rates of convergence for nearest neighbor classification},
  author={Chaudhuri, Kamalika and Dasgupta, Sanjoy},
  booktitle={Advances in Neural Information Processing Systems},
  pages={3437--3445},
  year={2014}
}

@article{castro2008minimax,
  title={Minimax bounds for active learning},
  author={Castro, Rui M and Nowak, Robert D},
  journal={IEEE Transactions on Information Theory},
  volume={54},
  number={5},
  pages={2339--2353},
  year={2008},
  publisher={IEEE}
}

@article{koltchinskii2010rademacher,
  title={Rademacher complexities and bounding the excess risk in active learning},
  author={Koltchinskii, Vladimir},
  journal={Journal of Machine Learning Research},
  volume={11},
  number={Sep},
  pages={2457--2485},
  year={2010}
}

@article{minsker2012plug,
  title={Plug-in approach to active learning},
  author={Minsker, Stanislav},
  journal={Journal of Machine Learning Research},
  volume={13},
  number={Jan},
  pages={67--90},
  year={2012}
}

@inproceedings{kpotufe2015hierarchical,
  title={Hierarchical label queries with data-dependent partitions},
  author={Kpotufe, Samory and Urner, Ruth and Ben-David, Shai},
  booktitle={Conference on Learning Theory},
  pages={1176--1189},
  year={2015}
}

@inproceedings{andrea2017adaptivity,
  title={Adaptivity to Noise Parameters in Nonparametric Active Learning},
  author={Andrea, Carpentier Alexandra Locatelli and Samory, Kpotufe},
  booktitle={Conference on Learning Theory},
  pages={1383--1416},
  year={2017}
}

@article{
FH51,
author = "E. Fix and J. Hodges",
title = "Discriminatory analysis, nonparametric discrimination",
journal = "USAF School of Aviation Medicine, Randolph Field, Texas, Project 21-49-004, Report 4, Contract AD41(128)-31",
year = 1951
}

@inproceedings{
C68,
author = "T.M. Cover",
title = "Rates of convergence for nearest neighbor procedures",
booktitle = "Proceedings of The Hawaii International Conference on System Sciences",
year = 1968
}

@article{
CH67,
author = "T. Cover and P.E. Hart",
title = "Nearest neighbor pattern classification",
journal = "IEEE Transactions on Information Theory", 
volume = 13,
pages = "21--27",
year = 1967
}


@article{
DGKL94,
author = "L. Devroye and L. Gyorfi and A. Krzyzak and G. Lugosi",
title = "On the strong universal consistency of nearest neighbor regression function estimates",
journal = "Annals of Statistics",
volume = 22,
pages = "1371--1385",
year = 1994
}


@article{
F75,
author = "J. Fritz",
title = "Distribution-free exponential error bound for nearest neighbor pattern classification",
journal = "IEEE Transactions on Information Theory",
volume = 21,
number = 5,
pages = "552--557",
year = 1975
}


@article{
G81,
author = "L. Gyorfi",
title = "The rate of convergence of $k_n$-NN regression estimates and classification rules",
journal = "IEEE Transactions on Information Theory",
volume = 27,
number = 3,
pages = "362--364",
year = 1981
}


@article{
KP95,
author = "S. Kulkarni and S. Posner",
title = "Rates of convergence of nearest neighbor estimation under arbitrary sampling",
journal = "IEEE Transactions on Information Theory",
volume = 41,
number = 4,
pages = {1028--1039},
year = 1995
}


@article{S77,
author = {C. Stone},
title = {Consistent nonparametric regression},
journal = {Annals of Statistics}, 
volume = 5,
pages = {595--645},
year = 1977
}

@article{
S80,
author = "C.J. Stone",
title = "Optimal rates of convergence for nonparametric estimators",
journal = "Annals of Statistics",
volume = 8,
number = 6,
pages = "1348--1360",
year = 1980
}



@article{
W71,
author = "T.J. Wagner",
title = "Convergence of the nearest neighbor rule",
journal = "IEEE Transactions on Information Theory",
volume = 17,
number = 5,
pages = "566--571",
year = 1971
}

